02RETORNO01COBRANCA       00000000000004730443UNIAO ESTUDANTIL DA BAIXADA SA237BRADESCO       2106180160000000838                                                                                                                                                                                                                                                                          250618         000001
1022174537800019400000090161000016659                         000000000000005351520000000000000000000000000917210618          00000000000000535152000000000000002900010400742  000000000000000000000000000000000000000000000000000000000000000000000000000000000000002900000000000000000000000000000   250618                 0000000000                                                                  000002
1022174537800019400000090161000016659                         000000000000005419930000000000000000000000000917210618          00000000000000541993000000000000003610034100039  000000000000000000000000000000000000000000000000000000000000000000000000000000000000003610000000000000000000000000000   250618                 0000000000                                                                  000003
1022174537800019400000090161000016659                         000000000000005569150000000000000000000000000917210618          00000000000000556915000000000000001959503300346  000000000000000000000000000000000000000000000000000000000000000000000000000000000000001959500000000000000000000000000   250618                 0000000000                                                                  000004
1022174537800019400000090161000016659                         000000000000005619000000000000000000000000000917210618          00000000000000561900000000000000003500023707659  000000000000000000000000000000000000000000000000000000000000000000000000000000000000003500000000000000000000000000000   250618                 0000000000                                                                  000005
1022174537800019400000090161000016659                         000000000000005664140000000000000000000000000917210618          00000000000000566414000000000000001500003300346  000000000000000000000000000000000000000000000000000000000000000000000000000000000000001500000000000000000000000000000   250618                 0000000000                                                                  000006
1022174537800019400000090161000016659                         0000000000000058448P0000000000000000000000000917210618          0000000000000058448P000000000000002764710400742  000000000000000000000000000000000000000000000000000000000000000000000000000000000000002764700000000000000000000000000   250618                 0000000000                                                                  000007
9201237          000000000000000000000000000838          00000000000000000000000000000000000000000000000000000000000000000000000000000000000000000000000000000000000000000000000000000000000                                                                                                                                                                              00000000000000000000000         000008
