02RETORNO01COBRANCA       00000000000004730443UNIAO ESTUDANTIL DA BAIXADA SA237BRADESCO       2206180160000000839                                                                                                                                                                                                                                                                          260618         000001
1022174537800019400000090161000016659                         000000000000002067520000000000000000000000000917220618          00000000000000206752000000000000000657823707659  000000000000000000000000000000000000000000000000000000000000000000000000000000000000000657800000000000000000000000000   260618                 0000000000                                                                  000002
1022174537800019400000090161000016659                         000000000000005214880000000000000000000000000917220618          00000000000000521488000000000000002062723707659  000000000000000000000000000000000000000000000000000000000000000000000000000000000000002062700000000000000000000000000   260618                 0000000000                                                                  000003
1022174537800019400000090161000016659                         000000000000005342960000000000000000000000000917220618          00000000000000534296000000000000002665003301717  000000000000000000000000000000000000000000000000000000000000000000000000000000000000002665000000000000000000000000000   260618                 0000000000                                                                  000004
1022174537800019400000090161000016659                         000000000000005478430000000000000000000000000917220618          00000000000000547843000000000000002665023701610  000000000000000000000000000000000000000000000000000000000000000000000000000000000000002665000000000000000000000000000   260618                 0000000000                                                                  000005
1022174537800019400000090161000016659                         000000000000005588020000000000000000000000000917220618          00000000000000558802000000000000001924100100932  000000000000000000000000000000000000000000000000000000000000000000000000000000000000001924100000000000000000000000000   260618                 0000000000                                                                  000006
1022174537800019400000090161000016659                         000000000000005662950000000000000000000000000917220618          00000000000000566295000000000000002515523706647  000000000000000000000000000000000000000000000000000000000000000000000000000000000000002515500000000000000000000000000   260618                 0000000000                                                                  000007
1022174537800019400000090161000016659                         000000000000005715230000000000000000000000000917220618          00000000000000571523000000000000002515523701610  000000000000000000000000000000000000000000000000000000000000000000000000000000000000002515500000000000000000000000000   260618                 0000000000                                                                  000008
9201237          000000000000000000000000000839          00000000000000000000000000000000000000000000000000000000000000000000000000000000000000000000000000000000000000000000000000000000000                                                                                                                                                                              00000000000000000000000         000009
